@book{hecht2014optik,
  title={Optik},
  author={Hecht, E.},
  isbn={9783110347968},
  lccn={2014011457},
  series={De Gruyter Studium},
  url={https://books.google.de/books?id=X3W8oAEACAAJ},
  year={2014},
  publisher={Oldenbourg Wissensch.Vlg}
}

@book{feynman2011flp,
	title={The Feynman Lectures on Physics: The New Millennium Edition},
	author={Feynman, R.P. and Leighton, R.B. and Sands, M.},
	isbn={9780465023820},
	series={Basic Books},
	url={https://books.google.de/books?id=kz-5lAEACAAJ},
	year={2011},
	publisher={Perseus Books Group}
}

@manual{versuchsanleitung_fluoreszenz,
	author = {Degner, M.},
	title = {Praktikumsanleitung: Versuch Fluoreszenzspektroskopie},
	date = {2015},
	organization = {Institut f체r Allgemeine Elektrotechnik, Universit채t Rostock},
}

@manual{Damaschke:2015aa,
	Author = {Damaschke, N.A.},
	title = {Vorlesung: Technische Optik},
	year = {2015},
	organization = {Institut f체r Allgemeine Elektrotechnik, Universit채t Rostock}
}



